
@article{gorelickGoogleEarthEngine2017a,
  title = {Google {{Earth Engine}}: {{Planetary}}-Scale Geospatial Analysis for Everyone},
  shorttitle = {Google {{Earth Engine}}},
  author = {Gorelick, Noel and Hancher, Matt and Dixon, Mike and Ilyushchenko, Simon and Thau, David and Moore, Rebecca},
  year = {2017},
  month = dec,
  volume = {202},
  pages = {18--27},
  issn = {0034-4257},
  doi = {10.1016/j.rse.2017.06.031},
  file = {/Users/bbest/Zotero/storage/9VZN62P9/Gorelick et al - 2017 - Google Earth Engine.pdf;/Users/bbest/Zotero/storage/3LHZXEYL/S0034425717302900.html},
  journal = {Remote Sensing of Environment},
  keywords = {Analysis,Big data,Cloud computing,Data democratization,Earth Engine,Platform},
  language = {en},
  series = {Big {{Remotely Sensed Data}}: Tools, Applications and Experiences}
}


